@Article{debaditya,
  author = 	 {Debaditya Acharya and Weilin Yan and Kourosh Khoshelham},
  title = 	 {Real-time image-based parking occupancy detectionusing deep learning},
  publisher = 	 {Infrastructure Engineering, The University of Melbourne},
  year = 	 {2018}
}

@Article{tschentscher,
  author = {Marc Tschentscher and Marcel Neuhausen},
  title = 	 {Video-based parking space detection},
  publisher = {Institute for Neural Computation, Ruhr-Universität Bochum},
  year = 	 {2012}
}

@Article{roman,
  author = {Roman Števaňák and Adrián Matejov and Marek Šuppa and Ondrej Jariabka},
  title = {PKSpace: An Open-Source Solution for Parking Space Occupancy Detection},
  publisher = {Faculty of Mathematics, Physics and Informatics, Comenius University in Bratislava},
  year = {2017}
}

@misc{cnrpark,
  author = {Giuseppe Amato and Fabio Carraraa and Fabrizio Falchia and Claudio Gennaroa and Claudio Vairo},
  title = {CNRPark, A Dataset for Visual Occupancy Detection of Parking Lots},
  howpublished = {\url{http://cnrpark.it/}},
  year = {2015},
  publisher={CNRPark},
}
