@Article{debaditya,
  author = 	 {Debaditya Acharya and Weilin Yan and Kourosh Khoshelham},
  title = 	 {Real-time image-based parking occupancy detectionusing deep learning},
  publisher = 	 {Infrastructure Engineering, The University of Melbourne},
  year = 	 {2018}
}

@InCollection{boulic:91,
  author = 	 {R. Boulic and O. Renault},
  title = 	 {3D Hierarchies for Animation},
  booktitle = 	 {New Trends in Animation and Visualization},
  publisher =    {John Wiley {\&} Sons ltd.},
  year = 	 {1991},
  editor = 	 {Nadia Magnenat-Thalmann and Daniel Thalmann}
}

@InCollection{smith:99,
  author = 	 {A. Smith and B. Jones},
  title = 	 {On the Complexity of Computing},
  booktitle = 	 {Advances in Computer Science},
  pages = 	 {555--566},
  publisher =    {Publishing Press},
  year = 	 {1999},
  editor = 	 {A. B. Smith-Jones}
}

@Article{tschentscher,
  author = {Marc Tschentscher and Marcel Neuhausen},
  title = 	 {On the Complexity of Computing},
  publisher = {Institute for Neural Computation, Ruhr-Universit√§t Bochum},
  year = 	 {2012}
}